
@book{ref1,
  title={2019中国语言服务行业发展报告},
  author={中国翻译协会},
  publisher={中国翻译协会},
  year={2019}
}

@book{ref2,
  title ={概率论与数理统计教程: 第二版},
  author ={魏宗舒},
  year ={2011},
  publisher ={北京: 高等教育出版社}
}

@article{ref3,
	title={Real-time heuristic search},
	author={Richard E. {Korf}},
	journal={Artificial Intelligence},
	volume={42},
	number={2},
	pages={189--211},
	year={1990}
}

@article{ref4,
  title={Bert: Pre-training of deep bidirectional transformers for language understanding},
  author={Devlin, Jacob and Chang, Ming-Wei and Lee, Kenton and Toutanova, Kristina},
  year={2019},
  pages = {4171--4186},
  journal = {Annual Meeting of the Association for Computational Linguistics},
}